<record><leader>00000cas a22000007a 4500</leader><controlfield tag="001">12373883</controlfield><controlfield tag="008">850812d1840184unyuwr ne      0    0eng d</controlfield><datafield ind1=" " ind2=" " tag="010"><subfield code="a">sn 85026694 </subfield></datafield><datafield ind1=" " ind2=" " tag="040"><subfield code="a">NPX</subfield><subfield code="b">eng</subfield><subfield code="c">NPX</subfield><subfield code="d">NYS</subfield><subfield code="d">OCL</subfield><subfield code="d">OCLCQ</subfield><subfield code="d">OCLCO</subfield></datafield><datafield ind1=" " ind2=" " tag="042"><subfield code="a">msc</subfield></datafield><datafield ind1=" " ind2=" " tag="043"><subfield code="a">n-us-ny</subfield></datafield><datafield ind1="0" ind2="4" tag="245"><subfield code="a">The Thrasher.</subfield></datafield><datafield ind1=" " ind2=" " tag="260"><subfield code="a">Hudson [N.Y.] :</subfield><subfield code="b">P.D. Carrique</subfield></datafield><datafield ind1=" " ind2=" " tag="300"><subfield code="a">v.</subfield></datafield><datafield ind1=" " ind2=" " tag="310"><subfield code="a">Weekly</subfield></datafield><datafield ind1="1" ind2=" " tag="362"><subfield code="a">Began with Sept. 4, 1840 issue.</subfield><subfield code="z">Cf. Gregory, W. Amer. newspapers.</subfield></datafield><datafield ind1=" " ind2=" " tag="500"><subfield code="a">Published in political opposition to: Hudson flail.</subfield></datafield><datafield ind1=" " ind2=" " tag="500"><subfield code="a">Campaign paper of the Democratic Party.</subfield></datafield><datafield ind1=" " ind2=" " tag="588"><subfield code="a">Description based on: No. 4 (Sept. 25, 1840).</subfield></datafield><datafield ind1="0" ind2="0" tag="630"><subfield code="a">Hudson flail.</subfield></datafield><datafield ind1=" " ind2="0" tag="651"><subfield code="a">Hudson (N.Y.)</subfield><subfield code="v">Newspapers.</subfield></datafield><datafield ind1="2" ind2=" " tag="710"><subfield code="a">Democratic Party (N.Y.)</subfield></datafield><datafield ind1=" " ind2=" " tag="752"><subfield code="a">United States</subfield><subfield code="b">New York</subfield><subfield code="c">Columbia</subfield><subfield code="d">Hudson.</subfield></datafield></record>